@article{bertuzzo2018dark,
  title={Dark neutrino portal to explain MiniBooNE excess},
  author={Bertuzzo, Enrico and Jana, Sudip and Machado, Pedro AN and Funchal, Renata Zukanovich},
  journal={Physical Review Letters},
  volume={121},
  number={24},
  pages={241801},
  year={2018},
  publisher={APS}
}

@incollection{ellis1991phenomenological,
  title={A phenomenological profile of the Higgs boson},
  author={Ellis, John and Gaillard, Mary K and Nanopoulos, Dimitri V},
  booktitle={Current Physics--Sources and Comments},
  volume={8},
  pages={24--72},
  year={1991},
  publisher={Elsevier}
}
